@online{glide:1,
	author = "Bumptech",
	title = "Glide",
	url  = "https://github.com/bumptech/glide",
	addendum = "(accessed: 25.08.2019)",
	keywords = "Glide"
}
@online{slider:1,
	author = "Smarteist",
	title = "Android-Image-Slider",
	url  = "https://github.com/smarteist/Android-Image-Slider",
	addendum = "(accessed: 25.08.2019)",
	keywords = "AIS"
}

@online{ssp,
	author = "intuit",
	title = "SSP",
	url  = "https://github.com/intuit/ssp",
	addendum = "(accessed: 25.08.2019)",
	keywords = "SSP"
}
@online{sdp,
	author = "intuit",
	title = "SDP",
	url  = "https://github.com/intuit/sdp",
	addendum = "(accessed: 25.08.2019)",
	keywords = "SDP"
}
@online{deception,
	author = "Google",
	title = "Developer Policy Center - Privacy",
	url  = "https://play.google.com/about/privacy-security-deception/",
	addendum = "(accessed: 25.08.2019)",
	keywords = "deception"
}

@online{enforcement,
	author = "Google",
	title = "Developer Policy Center - Enforcement",
	url  = "https://play.google.com/about/enforcement/",
	addendum = "(accessed: 25.08.2019)",
	keywords = "deception"
}

@online{usergen,
	author = "Google",
	title = "Developer Policy Center - User generated content",
	url  = "https://play.google.com/about/restricted-content/user-generated-content/",
	addendum = "(accessed: 25.08.2019)",
	keywords = "user"
}

@online{buttons,
	author = "Google",
	title = "Android Material Design - Buttons",
	url  = "https://material.io/components/buttons/",
	addendum = "(accessed: 25.08.2019)",
	keywords = "buttons"
}

@online{lite,
	author = "Google",
	title = "Android Maps SDK - Lite mode",
	url  = "https://developers.google.com/maps/documentation/android-sdk/lite",
	addendum = "(accessed: 25.08.2019)",
	keywords = "lite"
}